@misc{bengio2023gflownet,
      title={GFlowNet Foundations}, 
      author={Yoshua Bengio and Salem Lahlou and Tristan Deleu and Edward J. Hu and Mo Tiwari and Emmanuel Bengio},
      year={2023},
      eprint={2111.09266},
      archivePrefix={arXiv},
      primaryClass={cs.LG}
}

@misc{graves2023bayesian,
      title={Bayesian Flow Networks}, 
      author={Alex Graves and Rupesh Kumar Srivastava and Timothy Atkinson and Faustino Gomez},
      year={2023},
      eprint={2308.07037},
      archivePrefix={arXiv},
      primaryClass={cs.LG}
}

@misc{zhang2023unifying,
      title={Unifying Generative Models with GFlowNets and Beyond}, 
      author={Dinghuai Zhang and Ricky T. Q. Chen and Nikolay Malkin and Yoshua Bengio},
      year={2023},
      eprint={2209.02606},
      archivePrefix={arXiv},
      primaryClass={cs.LG}
}

@misc{jain2023biological,
      title={Biological Sequence Design with GFlowNets}, 
      author={Moksh Jain and Emmanuel Bengio and Alex-Hernandez Garcia and Jarrid Rector-Brooks and Bonaventure F. P. Dossou and Chanakya Ekbote and Jie Fu and Tianyu Zhang and Micheal Kilgour and Dinghuai Zhang and Lena Simine and Payel Das and Yoshua Bengio},
      year={2023},
      eprint={2203.04115},
      archivePrefix={arXiv},
      primaryClass={q-bio.BM}
}

@misc{zhang2022generative,
      title={Generative Flow Networks for Discrete Probabilistic Modeling}, 
      author={Dinghuai Zhang and Nikolay Malkin and Zhen Liu and Alexandra Volokhova and Aaron Courville and Yoshua Bengio},
      year={2022},
      eprint={2202.01361},
      archivePrefix={arXiv},
      primaryClass={cs.LG}
}

@misc{mehta2021reinforcement,
      title={Reinforcement Learning For Constraint Satisfaction Game Agents (15-Puzzle, Minesweeper, 2048, and Sudoku)}, 
      author={Anav Mehta},
      year={2021},
      eprint={2102.06019},
      archivePrefix={arXiv},
      primaryClass={cs.LG}
}

@article{https://doi.org/10.15488/13422,
  doi = {10.15488/13422},
  
  url = {https://www.repo.uni-hannover.de/handle/123456789/13532},
  
  author = {Waubert De Puiseau, Constantin and Tercan, Hasan and Meisen, Tobias},
  
  keywords = {Konferenzschrift, Job Shop Scheduling, Reinforcement Learning, Curriculum Learning, Agent Based Systems, Artificial Intelligence, Dewey Decimal Classification::600 | Technik::620 | Ingenieurwissenschaften und Maschinenbau},
  
  language = {en},
  
  title = {Curriculum Learning in Job Shop Scheduling using Reinforcement Learning},
  
  publisher = {Hannover : publish-Ing.},
  
  year = {2023},
  
  copyright = {CC BY 3.0 DE}
}

@article{Silver2018,
  title = {A general reinforcement learning algorithm that masters chess,  shogi,  and Go through self-play},
  volume = {362},
  ISSN = {1095-9203},
  url = {http://dx.doi.org/10.1126/science.aar6404},
  DOI = {10.1126/science.aar6404},
  number = {6419},
  journal = {Science},
  publisher = {American Association for the Advancement of Science (AAAS)},
  author = {Silver,  David and Hubert,  Thomas and Schrittwieser,  Julian and Antonoglou,  Ioannis and Lai,  Matthew and Guez,  Arthur and Lanctot,  Marc and Sifre,  Laurent and Kumaran,  Dharshan and Graepel,  Thore and Lillicrap,  Timothy and Simonyan,  Karen and Hassabis,  Demis},
  year = {2018},
  month = dec,
  pages = {1140–1144}
}

@inproceedings{Kiarostami2021,
  series = {ICCTA 2021},
  title = {On Using Monte-Carlo Tree Search to Solve Puzzles},
  url = {http://dx.doi.org/10.1145/3477911.3477915},
  DOI = {10.1145/3477911.3477915},
  booktitle = {2021 7th International Conference on Computer Technology Applications},
  publisher = {ACM},
  author = {Kiarostami,  Mohammad Sina and Daneshvaramoli,  Mohammadreza and Khalaj Monfared,  Saleh and Visuri,  Aku and Karisani,  Helia and Hosio,  Simo and Khashehchi,  Hamed and Futuhi,  Ehsan and Rahmati,  Dara and Gorgin,  Saeid},
  year = {2021},
  month = jul,
  collection = {ICCTA 2021}
}

@misc{chi2013techniques,
      title={Techniques for Solving Sudoku Puzzles}, 
      author={Eric C. Chi and Kenneth Lange},
      year={2013},
      eprint={1203.2295},
      archivePrefix={arXiv},
      primaryClass={math.OC}
}

@Article{puct,
 Author = {Rosin, Christopher D.},
 Title = {Multi-armed bandits with episode context},
 FJournal = {Annals of Mathematics and Artificial Intelligence},
 Journal = {Ann. Math. Artif. Intell.},
 ISSN = {1012-2443},
 Volume = {61},
 Number = {3},
 Pages = {203--230},
 Year = {2011},
 Language = {English},
 DOI = {10.1007/s10472-011-9258-6},
 Keywords = {68Q32,68T05},
 zbMATH = {6018322},
 Zbl = {1234.68171}
}

@article{yato2003complexity,
author = {YATO, Takayuki and SETA, Takahiro},
year = {2003},
month = {05},
pages = {},
title = {Complexity and Completeness of Finding Another Solution and Its Application to Puzzles},
volume = {E86-A},
journal = {IEICE Transactions on Fundamentals of Electronics, Communications and Computer Sciences}
}

@article{10.46460/ijiea.982908, author = {BATAR, M.}, title = {An efficient sudoku solver application based on graph theory}, journal = {International Journal of Innovative Engineering Applications}, year = {2021}, volume = {5}, issue = {2}, pages = {218-224}, doi = {10.46460/ijiea.982908} }

@article{10.29007/79mc, author = {Pfeiffer, U. and Karnagel, T. and Scheffler, G.}, title = {A sudoku-solver for large puzzles using sat}, doi = {10.29007/79mc} }

@article{10.5120/ijca2019918439, author = {Eva, O. and Dunka, B.}, title = {A comparison of three sudoku solving methods}, journal = {International Journal of Computer Applications}, year = {2019}, volume = {181}, issue = {40}, pages = {46-52}, doi = {10.5120/ijca2019918439} }

@misc{sudokuHistoryWayback,
	author = {},
	title = {{W}ayback {M}achine --- web.archive.org},
	howpublished = {\url{https://web.archive.org/web/20061210103525/http://cboyer.club.fr/multimagie/SupplAncetresSudoku.pdf}},
	year = {},
	note = {[Accessed 19-12-2023]},
}

@article{10.1587/transfun.e100.a.2641, author = {Nishiara, M. and Hidai, R.}, title = {Decoding error of sudoku for erasure channels}, journal = {IEICE Transactions on Fundamentals of Electronics, Communications and Computer Sciences}, year = {2017}, volume = {E100.A}, issue = {12}, pages = {2641-2646}, doi = {10.1587/transfun.e100.a.2641} }

@article{10.1109/iadcc.2014.6779291, author = {Maji, A. and Pal, R.}, title = {sudoku solver using minigrid based backtracking}, year = {2014}, doi = {10.1109/iadcc.2014.6779291} }

@article{10.5220/0001659502460254, author = {Roach, P. and Jones, S. and Perkins, S. and Grimstead, I.}, title = {A knowledge-rich approach to the rapid enumeration of quasi-magic sudoku search spaces}, year = {2009}, doi = {10.5220/0001659502460254} }

@article{10.1007/s11786-017-0322-4, author = {Utomo, P. and Makarim, R.}, title = {Solving a binary puzzle}, journal = {Mathematics in Computer Science}, year = {2017}, volume = {11}, issue = {3-4}, pages = {515-526}, doi = {10.1007/s11786-017-0322-4} }

@article{10.1109/access.2023.3256420, author = {Jana, S. and Mallik, M. and Khan, A. and Maji, A. K. and Pal, R. K.}, title = {Design and analysis of a modified 3d sudoku solver}, journal = {IEEE Access}, year = {2023}, volume = {11}, pages = {27352-27368}, doi = {10.1109/access.2023.3256420} }

@article{10.5120/ijca2019918439, author = {Eva, O. and Dunka, B.}, title = {A comparison of three sudoku solving methods}, journal = {International Journal of Computer Applications}, year = {2019}, volume = {181}, issue = {40}, pages = {46-52}, doi = {10.5120/ijca2019918439} }

@article{10.24963/ijcai.2017/757, author = {Narvekar, S.}, title = {curriculum learning in reinforcement learning}, year = {2017}, doi = {10.24963/ijcai.2017/757} }

@article{Schrittwieser_2020,
   title={Mastering Atari, Go, chess and shogi by planning with a learned model},
   volume={588},
   ISSN={1476-4687},
   url={http://dx.doi.org/10.1038/s41586-020-03051-4},
   DOI={10.1038/s41586-020-03051-4},
   number={7839},
   journal={Nature},
   publisher={Springer Science and Business Media LLC},
   author={Schrittwieser, Julian and Antonoglou, Ioannis and Hubert, Thomas and Simonyan, Karen and Sifre, Laurent and Schmitt, Simon and Guez, Arthur and Lockhart, Edward and Hassabis, Demis and Graepel, Thore and Lillicrap, Timothy and Silver, David},
   year={2020},
   month=dec, pages={604–609} }

@misc{vaswani2023attention,
      title={Attention Is All You Need}, 
      author={Ashish Vaswani and Noam Shazeer and Niki Parmar and Jakob Uszkoreit and Llion Jones and Aidan N. Gomez and Lukasz Kaiser and Illia Polosukhin},
      year={2023},
      eprint={1706.03762},
      archivePrefix={arXiv},
      primaryClass={cs.CL}
}

@misc{poli2023hyena,
      title={Hyena Hierarchy: Towards Larger Convolutional Language Models}, 
      author={Michael Poli and Stefano Massaroli and Eric Nguyen and Daniel Y. Fu and Tri Dao and Stephen Baccus and Yoshua Bengio and Stefano Ermon and Christopher Ré},
      year={2023},
      eprint={2302.10866},
      archivePrefix={arXiv},
      primaryClass={cs.LG}
}

@misc{fu2023monarch,
      title={Monarch Mixer: A Simple Sub-Quadratic GEMM-Based Architecture}, 
      author={Daniel Y. Fu and Simran Arora and Jessica Grogan and Isys Johnson and Sabri Eyuboglu and Armin W. Thomas and Benjamin Spector and Michael Poli and Atri Rudra and Christopher Ré},
      year={2023},
      eprint={2310.12109},
      archivePrefix={arXiv},
      primaryClass={cs.LG}
}

@misc{yang2023introduction,
      title={An Introduction to Neural Data Compression}, 
      author={Yibo Yang and Stephan Mandt and Lucas Theis},
      year={2023},
      eprint={2202.06533},
      archivePrefix={arXiv},
      primaryClass={cs.LG}
}

@misc{bengio2021flow,
      title={Flow Network based Generative Models for Non-Iterative Diverse Candidate Generation}, 
      author={Emmanuel Bengio and Moksh Jain and Maksym Korablyov and Doina Precup and Yoshua Bengio},
      year={2021},
      eprint={2106.04399},
      archivePrefix={arXiv},
      primaryClass={cs.LG}
}

@inproceedings{Semenova_2022, series={FAccT ’22},
   title={On the Existence of Simpler Machine Learning Models},
   url={http://dx.doi.org/10.1145/3531146.3533232},
   DOI={10.1145/3531146.3533232},
   booktitle={2022 ACM Conference on Fairness, Accountability, and Transparency},
   publisher={ACM},
   author={Semenova, Lesia and Rudin, Cynthia and Parr, Ronald},
   year={2022},
   month=jun, collection={FAccT ’22} }

@article{10.1038/nature16961, author = {Silver, D. and Huang, A. and Maddison, C. and Guez, A. and Sifre, L. and Driessche, G. v. d. and Schrittwieser, J. and Antonoglou, I. and Panneershelvam, V. and Lanctot, M. and Dieleman, S. and Grewe, D. and Nham, J. and Kalchbrenner, N. and Sutskever, I. and Lillicrap, T. P. and Leach, M. and Kavukcuoglu, K. and Graepel, T. and Hassabis, D.}, title = {Mastering the game of go with deep neural networks and tree search}, journal = {Nature}, year = {2016}, volume = {529}, issue = {7587}, pages = {484-489}, doi = {10.1038/nature16961} }